<?xml version="1.0" encoding="UTF-8"?><record xmlns="http://www.loc.gov/MARC21/slim" xmlns:cinclude="http://apache.org/cocoon/include/1.0" xmlns:zs="http://www.loc.gov/zing/srw/">
  <leader>00957cz  a2200157n  4500</leader>
  <controlfield tag="001">n 2012021583</controlfield>
  <controlfield tag="003">DLC</controlfield>
  <controlfield tag="005">20120821074939.0</controlfield>
  <controlfield tag="008">120402n| acannaabn          |b ana      </controlfield>
  <datafield tag="010" ind1=" " ind2=" ">
    <subfield code="a">n 2012021583</subfield>
  </datafield>
  <datafield tag="040" ind1=" " ind2=" ">
    <subfield code="a">DLC</subfield>
    <subfield code="b">eng</subfield>
    <subfield code="c">DLC</subfield>
    <subfield code="d">DLC</subfield>
  </datafield>
  <datafield tag="111" ind1="2" ind2=" ">
    <subfield code="a">Kokusai Shinpojūmu Sōsharu Fāmu o Chūshin to shita Nihon to Ōshū no Renkei</subfield>
    <subfield code="d">(2011 :</subfield>
    <subfield code="c">Tokyo, Japan)</subfield>
  </datafield>
  <datafield tag="411" ind1="2" ind2=" ">
    <subfield code="a">国際シンポジウムソーシャル・ファームを中心とした日本と欧州の連携</subfield>
    <subfield code="d">(2011 :</subfield>
    <subfield code="c">Tokyo, Japan)</subfield>
  </datafield>
  <datafield tag="667" ind1=" " ind2=" ">
    <subfield code="a">THIS 1XX FIELD CANNOT BE USED UNDER RDA UNTIL THIS RECORD HAS BEEN REVIEWED AND/OR UPDATED</subfield>
  </datafield>
  <datafield tag="667" ind1=" " ind2=" ">
    <subfield code="a">Non-Latin script reference not evaluated</subfield>
  </datafield>
  <datafield tag="670" ind1=" " ind2=" ">
    <subfield code="a">Kokusai Shinpojūmu Sōsharu Fāmu o Chūshin to shita Nihon to Ōshū no Renkei hōkokusho, 2011:</subfield>
    <subfield code="b">t.p. (国際シンポジウムソーシャル・ファームを中心とした日本と欧州の連携 = Kokusai Shinpojūmu Sōsharu Fāmu o Chūshin to shita Nihon to Ōshū no Renkei)</subfield>
  </datafield>
</record>